
@article{DeepLearningMethods,
	Author = {Deng and L.; Yu and D.},
	Journal = {Foundations and Trends in Signal Processing},
	Title = {Deep Learning: Methods and Applications},
    Doi = {10.1561/2000000039},
	Year = {2014}}
    
@article{DeepArchitectures,
	Author = {Bengio and Yoshua},
	Journal = {Foundations and Trends in Machine Learning},
	Title = {Learning Deep Architectures for AI},
    Doi = {10.1561/2200000006},
	Year = {2009}}
    
@article{CNN_1,
	Author = {Matusugu and Masakazu; Katsuhiko Mori; Yusuke Mitari; Yuji Kaneda},
	Journal = {Neural Networks},
	Title = {Subject independent facial expression recognition with robust face detection using a convolutional neural network},
    Url={http://www.iro.umontreal.ca/~pift6080/H09/documents/papers/sparse/matsugo_etal_face_expression_conv_nnet.pdf},
	Year = {2003}}
    
@misc{CNN_2,
  title = {	LeNet-5, convolutional neural networks},
  howpublished = {\url{http://yann.lecun.com/exdb/lenet/}},
  note = {Accessed: 2016-12-29}
}
    
@article{CNN_3,
	Author = {Le Callet and Patrick; Christian Viard-Gaudin; Dominique Barba},
	Journal = {IEEE Transactions on Neural Networks},
	Title = {A Convolutional Neural Network Approach for Objective Video Quality Assessment},
	Year = {2006}}



@misc{CUDA,
  title = {Parallel Programming and Computing Platform - NVIDIA CUDA},
  howpublished = {\url{http://www.nvidia.com/object/cuda_home_new.html}},
  note = {Accessed: 2016-12-28}
}

@misc{Python,
  title = {Python programming language},
  howpublished = {\url{https://www.python.org/}},
  note = {Accessed: 2016-12-28}
}

@misc{Tensorflow,
  title = {Tensorflow - an open source software library for numerical computation using data flow graphs},
  howpublished = {\url{https://www.tensorflow.org/}},
  note = {Accessed: 2016-12-28}
}


@misc{PyCharm,
  title = {Python IDE for Professional Developers},
  howpublished = {\url{https://www.jetbrains.com/pycharm/}},
  note = {Accessed: 2016-12-28}
}


    
@misc{Python_1,
  title = {TIOBE Programming Community Index Python},
  howpublished = {\url{http://www.tiobe.com/documentation//tpci/Python.html}},
  note = {Accessed: 2016-12-29},
  Year = {2015}
}

@misc{Python_2,
  title = {Why was Python created in the first place?},
  howpublished = {\url{https://docs.python.org/3/faq/general.html\#why-was-python-created-in-the-first-place}},
  note = {Accessed: 2016-12-29}
}







